<record><leader>00000cas a2200000 a 4500</leader><controlfield tag="001">10621238</controlfield><controlfield tag="008">840412c19839999miuwr ne      0   a0eng c</controlfield><datafield ind1=" " ind2=" " tag="010"><subfield code="a">sn 84009673 </subfield></datafield><datafield ind1=" " ind2=" " tag="040"><subfield code="a">NSD</subfield><subfield code="b">eng</subfield><subfield code="c">NSD</subfield><subfield code="d">MHN</subfield><subfield code="d">OCL</subfield><subfield code="d">OCLCQ</subfield><subfield code="d">OCLCF</subfield><subfield code="d">OCLCO</subfield></datafield><datafield ind1=" " ind2=" " tag="012"><subfield code="m">1</subfield></datafield><datafield ind1="1" ind2=" " tag="022"><subfield code="a">0747-1815</subfield><subfield code="l">0747-1815</subfield><subfield code="2">1</subfield></datafield><datafield ind1="1" ind2=" " tag="029"><subfield code="a">AU@</subfield><subfield code="b">000020433101</subfield></datafield><datafield ind1=" " ind2=" " tag="032"><subfield code="a">715890</subfield><subfield code="b">USPS</subfield></datafield><datafield ind1=" " ind2=" " tag="037"><subfield code="b">The Rockford Squire, Inc., 2 N. Main St., Rockford, MI 49341</subfield></datafield><datafield ind1=" " ind2=" " tag="042"><subfield code="a">nsdp</subfield><subfield code="a">pcc</subfield></datafield><datafield ind1=" " ind2="4" tag="222"><subfield code="a">The Rockford squire</subfield></datafield><datafield ind1="0" ind2="4" tag="245"><subfield code="a">The Rockford squire.</subfield></datafield><datafield ind1="1" ind2="3" tag="246"><subfield code="a">Rockford squire community newspaper</subfield></datafield><datafield ind1=" " ind2=" " tag="260"><subfield code="a">Rockford, Mich. :</subfield><subfield code="b">[s.n.</subfield></datafield><datafield ind1=" " ind2=" " tag="310"><subfield code="a">Weekly</subfield><subfield code="b">Jan. 2, 1984-</subfield></datafield><datafield ind1=" " ind2=" " tag="321"><subfield code="a">Monthly</subfield><subfield code="b">Nov. 1983-Dec. 1983</subfield></datafield><datafield ind1="0" ind2=" " tag="362"><subfield code="a">Nov. 1983-Dec. 1983 ; v. 1, no. 1 (Jan. 2, 1984)-</subfield></datafield><datafield ind1=" " ind2=" " tag="500"><subfield code="a">Nov-Dec., 1983 issues published as samples.</subfield></datafield><datafield ind1=" " ind2="0" tag="651"><subfield code="a">Rockford (Mich.)</subfield><subfield code="v">Newspapers.</subfield></datafield><datafield ind1=" " ind2="0" tag="651"><subfield code="a">Kent County (Mich.)</subfield><subfield code="v">Newspapers.</subfield></datafield><datafield ind1=" " ind2="7" tag="655"><subfield code="a">Newspapers.</subfield><subfield code="2">fast</subfield><subfield code="0">(OCoLC)fst01423814</subfield></datafield><datafield ind1=" " ind2="7" tag="651"><subfield code="a">Michigan</subfield><subfield code="z">Kent County.</subfield><subfield code="2">fast</subfield><subfield code="0">(OCoLC)fst01202912</subfield></datafield><datafield ind1=" " ind2="7" tag="651"><subfield code="a">Michigan</subfield><subfield code="z">Rockford.</subfield><subfield code="2">fast</subfield><subfield code="0">(OCoLC)fst01219754</subfield></datafield><datafield ind1=" " ind2=" " tag="752"><subfield code="a">United States</subfield><subfield code="b">Michigan</subfield><subfield code="c">Kent</subfield><subfield code="d">Rockford.</subfield></datafield><datafield ind1=" " ind2=" " tag="936"><subfield code="a">Mar. 13, 1984</subfield></datafield></record>